@Manual{R,
    title = {R: A Language and Environment for Statistical Computing},
    author = {{R Core Team}},
    organization = {R Foundation for Statistical Computing},
    address = {Vienna, Austria},
    year = {2018},
    url = {https://www.R-project.org/},
  }
  
@Manual{rstudio, 
title = {RStudio: Integrated Development Environment for R}, 
author = {{RStudio Team}}, 
organization = {RStudio, Inc.}, 
address = {Boston, MA}, 
year = {2015}, 
url = {http://www.rstudio.com/}, 
}
  
@misc{github:vogt4nick,
  author = {Nicholas Vogt},
  title = {Cox Proportional Hazards Power Analysis},
  year = {2018},
  publisher = {GitHub},
  journal = {GitHub repository},
  howpublished = {\url{https://github.com/vogt4nick/coxph-power-analysis}},
  commit = {4f57d6a0e4c030202a07a60bc1bb1ed1544bf679}
}

@article{cox,
    author = {D. R. Cox},
    title = {Regression Models and Life-Tables},
    journal = {Journal of the Royal Statistical Society. Series B (Methodological)}, 
    year = {1972},
    volume = {34:2},
    pages = {187-220},
    publisher = {Wiley},
    url = {http://www.jstor.org/stable/2985181}
}

@book{sakamoto,
    author = {Sakamoto, Y. and Kitagawa, G.},
    title = {Akaike Information Criterion Statistics},
    year = {1987},
    isbn = {9027722536},
    publisher = {Kluwer Academic Publishers},
    address = {Norwell, MA, USA},
} 

@article{wald, 
    title={Sequential Tests of Statistical Hypotheses}, 
    journal={ Annals of Mathematical Statistics },
    author={Wald, A.},
    issue_date={1945},
    volume={16:2},
    doi={10.1214/aoms/1177731118}
}

@misc{hyndman,
    author={Rob Hyndman},
    title = {Facts and fallacies of the AIC},
    howpublished = {\url{https://robjhyndman.com/hyndsight/aic/}}
}

@Manual{stargazer,
    title = {stargazer: Well-Formatted Regression and Summary
    Statistics Tables},
    author = {Marek Hlavac},
    year = {2018},
    note = {R package version 5.2.2},
    organization = {Central European Labour Studies Institute (CELSI)},
    address = {Bratislava, Slovakia},
    url = {https://CRAN.R-project.org/package=stargazer},
}

@inbook{agresti:categorical,
    author = {Alan Agresti},
    title = {Categorical Data Analysis},
    edition = 3,
    chapter = {9H Modeling Survival Times},
    publisher = {Wiley},
    year = 1990,
    address = {New York [u.a.]},
}



%%%%%%%%%%%%%%%%%%%%%%%%%%%%%%%%%%%%%%%%%%%%%%%%%%%%%%%%%%%%%%%%%%%%%%
% Literature Review

@article{hsieh,
  title={Sample-size calculations for the Cox proportional hazards regression model with nonbinary covariates},
  author={Hsieh, FY and Lavori, Philip W},
  journal={Controlled clinical trials},
  volume={21},
  number={6},
  pages={552--560},
  year={2000},
  publisher={Elsevier}
}

@article{gonen,
  title={Concordance probability and discriminatory power in proportional hazards regression},
  author={G{\"o}nen, Mithat and Heller, Glenn},
  journal={Biometrika},
  volume={92},
  number={4},
  pages={965--970},
  year={2005},
  publisher={Oxford University Press}
}

@article{bender,
  title={Generating survival times to simulate Cox proportional hazards models},
  author={Bender, Ralf and Augustin, Thomas and Blettner, Maria},
  journal={Statistics in medicine},
  volume={24},
  number={11},
  pages={1713--1723},
  year={2005},
  publisher={Wiley Online Library}
}